@book{saha2010robotics,
	author    = {Subir Kumar Saha},
	title     = {Introducción a la robótica},
	year      = {2010},
	publisher = {McGraw-Hill/Interamericana Editores, S.A. de C.V.},
	address   = {México, D.F.},
	translator = {Thomas W. Bartenbach},
	isbn      = {978-607-15-0313-8},
}
@book{barrientos2007fundamentos,
	author    = {Antonio Barrientos and Luis Felipe Peñín and Carlos Balaguer and Rafael Aracil},
	title     = {Fundamentos de Robótica},
	edition   = {2},
	year      = {2007},
	publisher = {McGraw-Hill/Interamericana de España, S.A.U.},
	address   = {Madrid, España},
	isbn      = {978-84-481-5636-7},
}
@book{corke2023robotics,
	author    = {Peter Corke},
	title     = {Robotics, Vision and Control: Fundamental Algorithms in Python},
	year      = {2023},
	edition   = {3},
	publisher = {Springer},
	isbn      = {978-3-031-06468-5},
	doi       = {10.1007/978-3-031-06469-2},
}
@book{reyes2011matlab,
	author    = {Fernando Reyes Cortés},
	title     = {{MATLAB} Aplicado a Robótica y Mecatrónica},
	year      = {2012},
	publisher = {Alfaomega Grupo Editor},
	address   = {México, D.F.},
	isbn      = {978-607-707-357-4},
}
@book{saha2014robotica,
  author    = {Subir Kumar Saha},
  title     = {Introducción a la Robótica},
  year      = {2014},
  publisher = {McGraw-Hill Education},
  address   = {España},
  isbn      = {978-6071509795}
}
@book{saha2014robotica,
	author    = {Subir Kumar Saha},
	title     = {Introducción a la Robótica},
	year      = {2014},
	publisher = {McGraw-Hill Education},
	address   = {España},
	isbn      = {978-6071509795}
}

@article{Dewesoft_LVDT,
	title = {Medición de posición y desplazamiento con sensores LVDT},
	author = {{Dewesoft}},
	year = {2025},
	url = {https://dewesoft.com/es/blog/medir-posicion-desplazamiento-con-sensores-lvdt}
}
@misc{OmegaPressureTransducers,
	author = {Omega Engineering},
	title = {Transductores de Presión},
	url = {https://mx.omega.com/prodinfo/transductores-de-presion.html},
	note = {Accedido el 19 de febrero de 2025}
}

<<<<<<< HEAD
@misc{AmazonTacometro,
	author = {Amazon México},
	title = {Tacómetro Velocímetro Digital},
	url = {https://www.amazon.com.mx/Tac%C3%B3metro-veloc%C3%ADmetro-tac%C3%B3metro-velocidad-interruptor/dp/B09GCLDLCR},
	note = {Accedido el 19 de febrero de 2025}
}
=======
@book{Torres2000,
	author    = {Fernando Torres and Jorge Pomares and Pablo Gil and Santiago Puente and Rafael Aracil},
	title     = {Robots y Sistemas Sensoriales},
	publisher = {Prentice Hall},
	year      = {2000},
	address   = {España}
	note = {Accedido el 19 de febrero de 2025}
}
>>>>>>> ba87b1194e8c245a8398c7736359a4b60c144172
